% lsstdesc.bib
% !! DO NOT EDIT, EXCEPT BY PULL REQUEST !!
% This file is maintained by the LSST DESC pub board,
% semi-automatically, and contains all citeable LSST DESC papers
% and Notes, most recent first.


@ARTICLE{PLAsTiCC1810.00001,
   author = {{The PLAsTiCC team} and {Allam}, Jr., T. and {Bahmanyar}, A. and
	{Biswas}, R. and {Dai}, M. and {Galbany}, L. and {Hlo{\v z}ek}, R. and
	{Ishida}, E.~E.~O. and {Jha}, S.~W. and {Jones}, D.~O. and {Kessler}, R. and
	{Lochner}, M. and {Mahabal}, A.~A. and {Malz}, A.~I. and {Mandel}, K.~S. and
	{Mart{\'{\i}}nez-Galarza}, J.~R. and {McEwen}, J.~D. and {Muthukrishna}, D. and
	{Narayan}, G. and {Peiris}, H. and {Peters}, C.~M. and {Ponder}, K. and
	{Setzer}, C.~N. and {The LSST Dark Energy Science Collaboration} and
	{LSST Transients}, T. and {Variable Stars Science Collaboration}
	},
    title = "{The Photometric LSST Astronomical Time-series Classification Challenge (PLAsTiCC): Data set}",
  journal = {ArXiv e-prints},
archivePrefix = "arXiv",
   eprint = {1810.00001},
 primaryClass = "astro-ph.IM",
 keywords = {Astrophysics - Instrumentation and Methods for Astrophysics, Astrophysics - Solar and Stellar Astrophysics},
     year = 2018,
    month = sep,
   adsurl = {http://adsabs.harvard.edu/abs/2018arXiv181000001T},
  adsnote = {Provided by the SAO/NASA Astrophysics Data System}
}


@ARTICLE{Malz1809.11145,
   author = {{Malz}, A. and {Hlo{\v z}ek}, R. and {Allam}, Jr, T. and {Bahmanyar}, A. and
	{Biswas}, R. and {Dai}, M. and {Galbany}, L. and {Ishida}, E. and
	{Jha}, S. and {Jones}, D. and {Kessler}, R. and {Lochner}, M. and
	{Mahabal}, A. and {Mandel}, K. and {Mart{\'{\i}}nez-Galarza}, R. and
	{McEwen}, J. and {Muthukrishna}, D. and {Narayan}, G. and {Peiris}, H. and
	{Peters}, C. and {Setzer}, C. and {The LSST Dark Energy Science Collaboration} and
	{LSST Transients}, T. and {Variable Stars Science Collaboration}
	},
    title = "{The Photometric LSST Astronomical Time-series Classification Challenge (PLAsTiCC): Selection of a performance metric for classification probabilities balancing diverse science goals}",
  journal = {ArXiv e-prints},
archivePrefix = "arXiv",
   eprint = {1809.11145},
 primaryClass = "astro-ph.IM",
 keywords = {Astrophysics - Instrumentation and Methods for Astrophysics, Astrophysics - Cosmology and Nongalactic Astrophysics, Astrophysics - Solar and Stellar Astrophysics},
     year = 2018,
    month = sep,
   adsurl = {http://adsabs.harvard.edu/abs/2018arXiv180911145M},
  adsnote = {Provided by the SAO/NASA Astrophysics Data System}
}


@ARTICLE{Yao1809.07273,
   author = {{Yao}, J. and {Ishak}, M. and {Troxel}, M.~A.},
    title = "{Self-calibration method for II and GI types of intrinsic alignments of galaxies}",
  journal = {ArXiv e-prints},
archivePrefix = "arXiv",
   eprint = {1809.07273},
 keywords = {Astrophysics - Cosmology and Nongalactic Astrophysics, Astrophysics - Astrophysics of Galaxies},
     year = 2018,
    month = sep,
   adsurl = {http://adsabs.harvard.edu/abs/2018arXiv180907273Y},
  adsnote = {Provided by the SAO/NASA Astrophysics Data System}
}


@ARTICLE{v1DESC-SRD,
   author = {{LSST DESC} and {Mandelbaum}, R. and
	{Eifler}, T. and {Hlo{\v z}ek}, R. and {Collett}, T. and {Gawiser}, E. and
	{Scolnic}, D. and {Alonso}, D. and {Awan}, H. and {Biswas}, R. and
	{Blazek}, J. and {Burchat}, P. and {Chisari}, N.~E. and {Dell'Antonio}, I. and
	{Digel}, S. and {Frieman}, J. and {Goldstein}, D.~A. and {Hook}, I. and
	{Ivezi{\'c}}, {\v Z}. and {Kahn}, S.~M. and {Kamath}, S. and
	{Kirkby}, D. and {Kitching}, T. and {Krause}, E. and {Leget}, P.-F. and
	{Marshall}, P.~J. and {Meyers}, J. and {Miyatake}, H. and {Newman}, J.~A. and
	{Nichol}, R. and {Rykoff}, E. and {Sanchez}, F.~J. and {Slosar}, A. and
	{Sullivan}, M. and {Troxel}, M.~A.},
    title = "{The LSST DESC Science Requirements Document v1}",
  journal = {ArXiv e-prints},
archivePrefix = "arXiv",
   eprint = {1809.01669v1},
 keywords = {Astrophysics - Cosmology and Nongalactic Astrophysics},
     year = 2018,
    month = sep,
   adsurl = {http://adsabs.harvard.edu/abs/2018arXiv180901669T},
  adsnote = {Provided by the SAO/NASA Astrophysics Data System}
}


@ARTICLE{Malz1806.00014,
   author = {{Malz}, A.~I. and {Marshall}, P.~J. and {DeRose}, J. and {Graham}, M.~L. and
	{Schmidt}, S.~J. and {Wechsler}, R. and {(LSST Dark Energy Science Collaboration}
	},
    title = "{Approximating Photo-z PDFs for Large Surveys}",
  journal = {\aj},
archivePrefix = "arXiv",
   eprint = {1806.00014},
 primaryClass = "astro-ph.IM",
 keywords = {astronomical databases: miscellaneous, catalogs, galaxies: distances and redshifts, methods: miscellaneous, methods: statistical },
     year = 2018,
    month = jul,
   volume = 156,
      eid = {35},
    pages = {35},
      doi = {10.3847/1538-3881/aac6b5},
   adsurl = {http://adsabs.harvard.edu/abs/2018AJ....156...35M},
  adsnote = {Provided by the SAO/NASA Astrophysics Data System}
}


@ARTICLE{Leonard1802.08263,
   author = {{Leonard}, C.~D. and {Mandelbaum}, R.},
    title = "{Measuring the scale-dependence of intrinsic alignments using multiple shear estimates}",
  journal = {ArXiv e-prints},
archivePrefix = "arXiv",
   eprint = {1802.08263},
 keywords = {Astrophysics - Cosmology and Nongalactic Astrophysics},
     year = 2018,
    month = feb,
   adsurl = {http://adsabs.harvard.edu/abs/2018arXiv180208263L},
  adsnote = {Provided by the SAO/NASA Astrophysics Data System}
}


@ARTICLE{Mao1709.09665,
   author = {{Mao}, Y.-Y. and {Kovacs}, E. and {Heitmann}, K. and {Uram}, T.~D. and
	{Benson}, A.~J. and {Campbell}, D. and {Cora}, S.~A. and {DeRose}, J. and
	{Di Matteo}, T. and {Habib}, S. and {Hearin}, A.~P. and {Bryce Kalmbach}, J. and
	{Krughoff}, K.~S. and {Lanusse}, F. and {Luki{\'c}}, Z. and
	{Mandelbaum}, R. and {Newman}, J.~A. and {Padilla}, N. and {Paillas}, E. and
	{Pope}, A. and {Ricker}, P.~M. and {Ruiz}, A.~N. and {Tenneti}, A. and
	{Vega-Mart{\'{\i}}nez}, C.~A. and {Wechsler}, R.~H. and {Zhou}, R. and
	{Zu}, Y. and {The LSST Dark Energy Science Collaboration}},
    title = "{DESCQA: An Automated Validation Framework for Synthetic Sky Catalogs}",
  journal = {\apjs},
archivePrefix = "arXiv",
   eprint = {1709.09665},
 primaryClass = "astro-ph.IM",
 keywords = {large-scale structure of universe, methods: numerical },
     year = 2018,
    month = feb,
   volume = 234,
      eid = {36},
    pages = {36},
      doi = {10.3847/1538-4365/aaa6c3},
   adsurl = {http://adsabs.harvard.edu/abs/2018ApJS..234...36M},
  adsnote = {Provided by the SAO/NASA Astrophysics Data System}
}


@ARTICLE{WhitePaper,
   author = {{LSST Dark Energy Science Collaboration}},
    title = "{Large Synoptic Survey Telescope: Dark Energy Science Collaboration}",
  journal = {ArXiv e-prints},
archivePrefix = "arXiv",
   eprint = {1211.0310},
 primaryClass = "astro-ph.CO",
 keywords = {Astrophysics - Cosmology and Extragalactic Astrophysics, High Energy Physics - Experiment},
     year = 2012,
    month = nov,
   adsurl = {http://adsabs.harvard.edu/abs/2012arXiv1211.0310L},
  adsnote = {Provided by the SAO/NASA Astrophysics Data System},
collaboration = {LSST Dark Energy Science}
}
