%% This BibTeX bibliography file was created using BibDesk.
%% http://bibdesk.sourceforge.net/

%% Created for Tassia Ferreira at 2019-10-23 20:54:01 -0300 


%% Saved with string encoding Unicode (UTF-8) 



@article{Bridle2007njp,
	Archiveprefix = {arXiv},
	Author = {Sarah Bridle and Lindsay King},
	Date-Added = {2019-10-23 20:45:06 -0300},
	Date-Modified = {2019-10-23 20:48:50 -0300},
	Doi = {10.1088/1367-2630/9/12/444},
	Eprint = {0705.0166},
	Journal = {New Journal of Physics},
	Number = {12},
	Pages = {444-444},
	Primaryclass = {astro-ph.CO},
	Slaccitation = {%%CITATION = ARXIV:0705.0166;%%},
	Title = {Dark energy constraints from cosmic shearpower spectra: impact of intrinsic alignmentson photometric redshift requirements},
	Url = {https://arxiv.org/pdf/0705.0166.pdf},
	Volume = {9},
	Year = {2007}}

@article{Kirk2012mnras,
	Archiveprefix = {arXiv},
	Author = {Donnacha Kirk and Anais Rassat and Ole Host and Sarah Bridle},
	Date-Added = {2019-10-23 20:43:08 -0300},
	Date-Modified = {2019-10-23 20:45:08 -0300},
	Doi = {10.1111/j.1365-2966.2012.21099.x},
	Eprint = {1112.4752},
	Journal = {Monthly Notices of the Royal Astronomical Society},
	Number = {3},
	Pages = {1647-1657},
	Primaryclass = {astro-ph.CO},
	Slaccitation = {%%CITATION = ARXIV:1112.4752;%%},
	Title = {The cosmological impact of intrinsic alignment model choice for cosmic shear },
	Url = {https://arxiv.org/pdf/1112.4752.pdf},
	Volume = {424},
	Year = {2012}}

@article{Lewis2000taj,
	Archiveprefix = {arXiv},
	Author = {Antony Lewis, Anthony Challinor, Anthony Lasenby},
	Date-Added = {2019-10-23 20:37:24 -0300},
	Date-Modified = {2019-10-23 20:43:15 -0300},
	Doi = {10.1086/309179},
	Eprint = {9911177},
	Journal = {The Astrophysical Journal},
	Number = {2},
	Pages = {473-476},
	Primaryclass = {astro-ph.CO},
	Slaccitation = {%%CITATION = ARXIV:9911177;%%},
	Title = {Efficient Computation of Cosmic Microwave Background Anisotropies in Closed Friedmann-Robertson-Walker Models},
	Url = {https://arxiv.org/pdf/astro-ph/9911177.pdf},
	Volume = {538},
	Year = {2000}}

@article{Kilbinger2009aa,
	Archiveprefix = {arXiv},
	Author = {M. Kilbinger and K. Benabed and J. Guy and P. Astier and I. Tereno and L. Fu and D. Wraith and J. Coupon and Y. Mellier and C. Balland and F. R. Bouchet and T. Hamana and D. Hardin and H. J. McCracken and R. Pain and N. Regnaul and M. Schultheis and H. Yahagi},
	Date-Added = {2019-10-23 20:31:16 -0300},
	Date-Modified = {2019-10-23 20:51:39 -0300},
	Doi = {10.1051/0004-6361/200811247 },
	Eprint = {0810.5129},
	Journal = {Astronomy & Astrophysics},
	Number = {3},
	Pages = {677-688},
	Primaryclass = {astro-ph.CO},
	Slaccitation = {%%CITATION = ARXIV:0810.5129;%%},
	Title = {{Dark-energy constraints and correlations with systematics from CFHTLS weak lensing, SNLS supernovae Ia and WMAP5}},
	Url = {https://arxiv.org/pdf/0810.5129.pdf},
	Volume = {497},
	Year = {2009}}

@article{Smith2003mnras,
	Archiveprefix = {arXiv},
	Author = {R. E. Smith and J. A. Peacock and A. Jenkins and S. D. M. White and C. S. Frenk and F. R. Pearce and P. A. Thomas and G. Efstathiou and H. M. P. Couchman},
	Date-Added = {2019-10-23 20:28:04 -0300},
	Date-Modified = {2019-10-23 20:32:44 -0300},
	Doi = {10.1046/j.1365-8711.2003.06503.x},
	Eprint = {0207664},
	Journal = {Monthly Notices of the Royal Astronomical Society},
	Number = {4},
	Pages = {1311-1332},
	Primaryclass = {astro-ph.CO},
	Slaccitation = {%%CITATION = ARXIV:0207664;%%},
	Title = {Stable clustering, the halo model and non-linear cosmological power spectra},
	Url = {https://arxiv.org/pdf/astro-ph/0207664.pdf},
	Volume = {341},
	Year = {2003}}

@article{Howlett2012jcap,
	Archiveprefix = {arXiv},
	Author = {Cullan Howlett and Antony Lewis and Alex Hall and Anthony Challinor},
	Date-Added = {2019-10-23 20:24:03 -0300},
	Date-Modified = {2019-10-23 20:51:54 -0300},
	Doi = {10.1088/1475-7516/2012/04/027},
	Eprint = {1201.3654},
	Journal = {Journal of Cosmology and Astroparticle Physics},
	Number = {04},
	Pages = {027-027},
	Primaryclass = {astro-ph.CO},
	Slaccitation = {%%CITATION = ARXIV:1201.3654;%%},
	Title = {{CMB power spectrum parameter degeneracies in the era of precision cosmology}},
	Url = {https://arxiv.org/pdf/1201.3654.pdf},
	Volume = {2012},
	Year = {2012}}

@article{Takahashi2012taj,
	Archiveprefix = {arXiv},
	Author = {Ryuichi Takahashi and Masanori Sato and Takahiro Nishimichi and Atsushi Taruya and Masamune Oguri},
	Date-Added = {2019-10-23 16:43:11 -0300},
	Date-Modified = {2019-10-23 20:32:04 -0300},
	Doi = {10.1088/0004-637x/761/2/152},
	Eprint = {1208.2701},
	Journal = {The Astrophysical Journal},
	Number = {2},
	Primaryclass = {astro-ph.CO},
	Slaccitation = {%%CITATION = ARXIV:1208.2701;%%},
	Title = {Revising the halofit model for the nonlinear matter power spectrum},
	Url = {https://arxiv.org/pdf/1208.2701.pdf},
	Volume = {761},
	Year = {2012},
	Bdsk-Url-1 = {https://arxiv.org/pdf/1208.2701.pdf},
	Bdsk-Url-2 = {https://doi.org/10.1088/0004-637x/761/2/152}}

@article{Troxel:2017xyo,
	Archiveprefix = {arXiv},
	Author = {Troxel, M. A. and others},
	Collaboration = {DES},
	Date-Modified = {2019-10-23 16:58:57 -0300},
	Doi = {10.1103/PhysRevD.98.043528},
	Eprint = {1708.01538},
	Journal = {Physical Review D},
	Number = {4},
	Pages = {043528},
	Primaryclass = {astro-ph.CO},
	Reportnumber = {FERMILAB-PUB-17-279-PPD},
	Slaccitation = {%%CITATION = ARXIV:1708.01538;%%},
	Title = {{Dark Energy Survey Year 1 results: Cosmological constraints from cosmic shear}},
	Url = {https://arxiv.org/pdf/1708.01538.pdf},
	Volume = {D98},
	Year = {2018},
	Bdsk-Url-1 = {https://doi.org/10.1103/PhysRevD.98.043528}}

@article{Gualdi:2018gmj,
	Archiveprefix = {arXiv},
	Author = {Gualdi, Davide and Manera, Marc and Joachimi, Benjamin and Lahav, Ofer},
	Date-Added = {2019-07-30 14:38:41 -0400},
	Date-Modified = {2019-10-23 20:51:59 -0300},
	Doi = {10.1093/mnras/sty261},
	Eprint = {1709.03600},
	Journal = {Monthly Notices of the Royal Astronomical Society},
	Pages = {4045-4070},
	Primaryclass = {astro-ph.CO},
	Slaccitation = {%%CITATION = ARXIV:1709.03600;%%},
	Title = {Maximal compression of the redshift-space galaxy power spectrum and bispectrum},
	Url = {https://arxiv.org/pdf/1709.03600.pdf},
	Volume = {4070},
	Year = {2018},
	Bdsk-Url-1 = {https://doi.org/10.1093/mnras/sty261}}

@article{Joachimi:2017mnr,
	Archiveprefix = {arXiv},
	Author = {Joachimi, Benjamin},
	Date-Added = {2019-07-30 12:36:23 -0400},
	Date-Modified = {2019-10-23 20:51:45 -0300},
	Doi = {10.1093/mnrasl/slw240},
	Eprint = {1612.00752},
	Journal = {Monthly Notices of the Royal Astronomical Society: Letters},
	Number = {1},
	Pages = {L83-L87},
	Primaryclass = {astro-ph.CO},
	Slaccitation = {%%CITATION = ARXIV:1612.00752;%%},
	Title = {Non-linear shrinkage estimation of large-scale structure covariance},
	Url = {https://arxiv.org/pdf/1612.00752.pdf},
	Volume = {466},
	Year = {2017},
	Bdsk-Url-1 = {https://doi.org/10.1093/mnrasl/slw240}}

@article{Bellini:2019ssw,
	Archiveprefix = {arXiv},
	Author = {Bellini, Emilio and Alonso, David and Joudaki, Shahab and Waerbeke, Ludovic Van},
	Date-Modified = {2019-10-23 17:02:05 -0300},
	Eprint = {1903.04957},
	Primaryclass = {astro-ph.CO},
	Slaccitation = {%%CITATION = ARXIV:1903.04957;%%},
	Title = {Sheer shear: weak lensing with one mode},
	Url = {https://arxiv.org/pdf/1903.04957.pdf},
	Year = {2019},
	Bdsk-Url-1 = {https://arxiv.org/pdf/1903.04957.pdf}}

@article{Tegmark:1997maa,
	Archiveprefix = {arXiv},
	Author = {Tegmark, Max and Taylor, Andy N. and Heavens, Alan},
	Date-Added = {2019-07-30 12:12:17 -0400},
	Date-Modified = {2019-10-23 20:50:05 -0300},
	Doi = {10.1086/303939},
	Eprint = {9603021},
	Journal = {The Astrophysical Journal},
	Pages = {22-35},
	Primaryclass = {astro-ph.CO},
	Slaccitation = {%%CITATION = ARXIV:9603021;%%},
	Title = {{Karhunen-Lo{\`{e}}ve eigenvalue problems in cosmology: How should we tackle large data sets?}},
	Url = {https://arxiv.org/pdf/astro-ph/9603021.pdf},
	Volume = {480},
	Year = {1997},
	Bdsk-Url-1 = {https://doi.org/10.1086/303939}}

@article{Kohlinger:2017sxk,
	Archiveprefix = {arXiv},
	Author = {K{\"o}hlinger, F. and others},
	Date-Modified = {2019-10-23 20:51:20 -0300},
	Doi = {10.1093/mnras/stx1820},
	Eprint = {1706.02892},
	Journal = {Monthly Notices of the Royal Astronomical Society},
	Number = {4},
	Pages = {4412-4435},
	Primaryclass = {astro-ph.CO},
	Slaccitation = {%%CITATION = ARXIV:1706.02892;%%},
	Title = {{KiDS-450: The tomographic weak lensing power spectrum and constraints on cosmological parameters}},
	Url = {https://arxiv.org/pdf/1706.02892.pdf},
	Volume = {471},
	Year = {2017},
	Bdsk-Url-1 = {https://doi.org/10.1093/mnras/stx1820}}

@article{Krause:2016jvl,
	Archiveprefix = {arXiv},
	Author = {Krause, Elisabeth and Eifler, Tim},
	Date-Modified = {2019-10-23 17:00:30 -0300},
	Doi = {10.1093/mnras/stx1261},
	Eprint = {1601.05779},
	Journal = {Monthly Notices of the Royal Astronomical Society},
	Number = {2},
	Pages = {2100--2112},
	Primaryclass = {astro-ph.CO},
	Slaccitation = {%%CITATION = ARXIV:1601.05779;%%},
	Title = {{COMOLIKE -- cosmological likelihood analyses for photometric galaxy surveys}},
	Url = {https://arxiv.org/pdf/1601.05779.pdf},
	Volume = {470},
	Year = {2017},
	Bdsk-Url-1 = {https://doi.org/10.1093/mnras/stx1261}}

@article{Zablocki:2015zcm,
	Archiveprefix = {arXiv},
	Author = {Zablocki, Alan and Dodelson, Scott},
	Date-Modified = {2019-10-23 16:58:36 -0300},
	Doi = {10.1103/PhysRevD.93.083525},
	Eprint = {1512.00072},
	Journal = {Physical Review D},
	Number = {8},
	Pages = {083525},
	Primaryclass = {astro-ph.CO},
	Reportnumber = {FERMILAB-PUB-15-542-A},
	Slaccitation = {%%CITATION = ARXIV:1512.00072;%%},
	Title = {{Extreme data compression for the CMB}},
	Url = {https://arxiv.org/pdf/1512.00072.pdf},
	Volume = {93},
	Year = {2016},
	Bdsk-Url-1 = {https://doi.org/10.1103/PhysRevD.93.083525}}

@article{Alonso:2017hhj,
	Archiveprefix = {arXiv},
	Author = {Alonso, David},
	Date-Modified = {2019-10-23 20:52:19 -0300},
	Doi = {10.1093/mnras/stx2644},
	Eprint = {1707.08950},
	Journal = {Monthly Notices of the Royal Astronomical Society},
	Number = {4},
	Pages = {4306-4317},
	Primaryclass = {astro-ph.CO},
	Slaccitation = {%%CITATION = ARXIV:1707.08950;%%},
	Title = {{Science-driven 3D data compression}},
	Url = {https://arxiv.org/pdf/1707.08950.pdf},
	Volume = {473},
	Year = {2018},
	Bdsk-Url-1 = {https://doi.org/10.1093/mnras/stx2644}}

@article{Abbott:2018cms,
	Archiveprefix = {arXiv},
	Author = {Abbott, T. M. C. and others},
	Date-Modified = {2019-10-23 17:03:06 -0300},
	Doi = {10.1103/PhysRevD.98.043526},
	Eprint = {1708.01530},
	Journal = {Physical Review D},
	Pages = {043526},
	Primaryclass = {astro-ph.CO},
	Slaccitation = {%%CITATION = ARXIV:1708.01530;%%},
	Title = {Dark Energy Survey year 1 results: Cosmological constraints from galaxy clustering and weak lensing},
	Url = {https://arxiv.org/pdf/1708.01530.pdf},
	Volume = {98},
	Year = {2018},
	Bdsk-Url-1 = {https://doi.org/10.1103/PhysRevD.98.043526}}

@article{Zuntz:2015med,
	Archiveprefix = {arXiv},
	Author = {J. Zuntz and M. Paterno and E. Jennings and D. Rudd and A. Manzotti and S. Dodelson and S. Bridle and S. Sehrish and J. Kowalkowski},
	Date-Modified = {2019-10-23 16:58:14 -0300},
	Doi = {10.1016/j.ascom.2015.05.005},
	Eprint = {1409.3409},
	Issn = {2213-1337},
	Journal = {Astronomy and Computing},
	Pages = {45--59},
	Primaryclass = {astro-ph.CO},
	Slaccitation = {%%CITATION = ARXIV:1409.3409;%%},
	Title = {{CosmoSIS}: Modular cosmological parameter estimation},
	Url = {https://arxiv.org/pdf/1409.3409.pdf},
	Volume = {12},
	Year = {2015},
	Bdsk-Url-1 = {https://doi.org/10.1016/j.ascom.2015.05.005}}

@article{Feroz:2009fhb,
	Archiveprefix = {arXiv},
	Author = {Feroz, Farhan and Hobson, M. P. and Bridges, M.},
	Date-Modified = {2019-10-23 20:52:02 -0300},
	Doi = {10.1111/j.1365-2966.2009.14548.x},
	Eprint = {0809.3437},
	Journal = {Monthly Notices of the Royal Astronomical Society},
	Pages = {1601-1614},
	Primaryclass = {astro-ph.CO},
	Slaccitation = {%%CITATION = ARXIV:0809.3437;%%},
	Title = {{MultiNest: an efficient and robust Bayesian inference tool for cosmology and particle physics}},
	Url = {https://arxiv.org/pdf/0809.3437.pdf},
	Volume = {398},
	Year = {2009},
	Bdsk-Url-1 = {https://doi.org/10.1111/j.1365-2966.2009.14548.x}}
