@FOOTNOTE{Note1,key="Note1",note="Note that this definition of $F$ differs from that in \protect \citep  {Alonso:2017hhj} in that it includes the inverse of the noise matrix."}
